@ARTICLE{Garrod2013,
   author = {{Garrod}, R.~T.},
    title = "{A Three-phase Chemical Model of Hot Cores: The Formation of Glycine}",
  journal = {\apj},
archivePrefix = "arXiv",
   eprint = {1302.0688},
 keywords = {astrobiology, astrochemistry, ISM: lines and bands, ISM: molecules, molecular processes, radiative transfer},
     year = 2013,
    month = mar,
   volume = 765,
      eid = {60},
    pages = {60},
      doi = {10.1088/0004-637X/765/1/60},
   adsurl = {http://adsabs.harvard.edu/abs/2013ApJ...765...60G},
  adsnote = {Provided by the SAO/NASA Astrophysics Data System}
}
@ARTICLE{Suzuki2018,
   author = {{Suzuki}, T. and {Majumdar}, L. and {Ohishi}, M. and {Saito}, M. and 
	{Hirota}, T. and {Wakelam}, V.},
    title = "{An Expanded Gas-Grain Model for Interstellar Glycine}",
  journal = {ArXiv e-prints},
archivePrefix = "arXiv",
   eprint = {1807.00111},
 keywords = {Astrophysics - Astrophysics of Galaxies, Astrophysics - Earth and Planetary Astrophysics, Astrophysics - Solar and Stellar Astrophysics},
     year = 2018,
    month = jun,
   adsurl = {http://adsabs.harvard.edu/abs/2018arXiv180700111S},
  adsnote = {Provided by the SAO/NASA Astrophysics Data System}
}
@BOOK{Tielens2005,
   author = {{Tielens}, A.~G.~G.~M.},
    title = "{The Physics and Chemistry of the Interstellar Medium}",
booktitle = {The Physics and Chemistry of the Interstellar Medium, by A.~G.~G.~M.~Tielens, pp.~.~ISBN 0521826349.~Cambridge, UK: Cambridge University Press,  2005.},
     year = 2005,
    month = aug,
   adsurl = {http://adsabs.harvard.edu/abs/2005pcim.book.....T},
  adsnote = {Provided by the SAO/NASA Astrophysics Data System}
}
@ARTICLE{Bernstein2002,
   author = {{Bernstein}, M.~P. and {Elsila}, J.~E. and {Dworkin}, J.~P. and 
	{Sandford}, S.~A. and {Allamandola}, L.~J. and {Zare}, R.~N.
	},
    title = "{Side Group Addition to the Polycyclic Aromatic Hydrocarbon Coronene by Ultraviolet Photolysis in Cosmic Ice Analogs}",
  journal = {\apj},
 keywords = {Astrobiology, Astrochemistry, ISM: Molecules, Meteors, Meteoroids, Molecular Processes, Ultraviolet: ISM},
     year = 2002,
    month = sep,
   volume = 576,
    pages = {1115-1120},
      doi = {10.1086/341863},
   adsurl = {http://adsabs.harvard.edu/abs/2002ApJ...576.1115B},
  adsnote = {Provided by the SAO/NASA Astrophysics Data System}
}
@ARTICLE{Bernstein2002a,
   author = {{Bernstein}, M.~P. and {Dworkin}, J.~P. and {Sandford}, S.~A. and 
	{Cooper}, G.~W. and {Allamandola}, L.~J.},
    title = "{Racemic amino acids from the ultraviolet photolysis of interstellar ice analogues}",
  journal = {\nat},
     year = 2002,
    month = mar,
   volume = 416,
    pages = {401-403},
      doi = {10.1038/416401a},
   adsurl = {http://adsabs.harvard.edu/abs/2002Natur.416..401B},
  adsnote = {Provided by the SAO/NASA Astrophysics Data System}
}
@ARTICLE{Caselli2012,
   author = {{Caselli}, P. and {Ceccarelli}, C.},
    title = "{Our astrochemical heritage}",
  journal = {\aapr},
archivePrefix = "arXiv",
   eprint = {1210.6368},
 keywords = {Astrochemistry, ISM: clouds, Stars: formation, Protoplanetary disks, Comets: general, Meteorites, meteors, meteoroids},
     year = 2012,
    month = oct,
   volume = 20,
      eid = {56},
    pages = {56},
      doi = {10.1007/s00159-012-0056-x},
   adsurl = {http://adsabs.harvard.edu/abs/2012A%26ARv..20...56C},
  adsnote = {Provided by the SAO/NASA Astrophysics Data System}
}
@ARTICLE{Garrod2008,
   author = {{Garrod}, R.~T. and {Widicus Weaver}, S.~L. and {Herbst}, E.
	},
    title = "{Complex Chemistry in Star-forming Regions: An Expanded Gas-Grain Warm-up Chemical Model}",
  journal = {\apj},
archivePrefix = "arXiv",
   eprint = {0803.1214},
 keywords = {astrochemistry, ISM: abundances, ISM: clouds, ISM: individual: Sagittarius B2(N), ISM: molecules, stars: formation},
     year = 2008,
    month = jul,
   volume = 682,
    pages = {283-302},
      doi = {10.1086/588035},
   adsurl = {http://adsabs.harvard.edu/abs/2008ApJ...682..283G},
  adsnote = {Provided by the SAO/NASA Astrophysics Data System}
}
@Article{Lu2018,
AUTHOR = {{逯登荣} and {孙继先} and {杨哲睿} and {刘梁} and {杨戟}},
TITLE = {2011～2017年“银河画卷”巡天数据集},
JOURNAL = {中国科学数据},
VOLUME = {3},
YEAR = {2018},
PAGES = ,
URL = {http://csdata.org/p/7/155/},
DOI = {10.11922/csdata.2018.0001.zh}
}
@ARTICLE{Dame1987,
   author = {{Dame}, T.~M. and {Ungerechts}, H. and {Cohen}, R.~S. and {de Geus}, E.~J. and 
	{Grenier}, I.~A. and {May}, J. and {Murphy}, D.~C. and {Nyman}, L.-A. and 
	{Thaddeus}, P.},
    title = "{A composite CO survey of the entire Milky Way}",
  journal = {\apj},
 keywords = {Abundance, Carbon Monoxide, Infrared Astronomy Satellite, Milky Way Galaxy, Molecular Clouds, Interstellar Gas, Nebulae, Normal Density Functions},
     year = 1987,
    month = nov,
   volume = 322,
    pages = {706-720},
      doi = {10.1086/165766},
   adsurl = {http://adsabs.harvard.edu/abs/1987ApJ...322..706D},
  adsnote = {Provided by the SAO/NASA Astrophysics Data System}
}
@ARTICLE{Dame2001,
   author = {{Dame}, T.~M. and {Hartmann}, D. and {Thaddeus}, P.},
    title = "{The Milky Way in Molecular Clouds: A New Complete CO Survey}",
  journal = {\apj},
   eprint = {astro-ph/0009217},
 keywords = {Galaxy: Structure, ISM: Clouds, ISM: Molecules, Radio Lines: ISM, Galaxy: Solar Neighborhood, Stars: Formation},
     year = 2001,
    month = feb,
   volume = 547,
    pages = {792-813},
      doi = {10.1086/318388},
   adsurl = {http://adsabs.harvard.edu/abs/2001ApJ...547..792D},
  adsnote = {Provided by the SAO/NASA Astrophysics Data System}
}
@INPROCEEDINGS{Ceccarelli2010,
   author = {{Ceccarelli}, C. and {CHESS Consortium}},
    title = "{The Herschel Chemical Surveys of Star forming regions: CHESS, an Herschel Key Program.}",
booktitle = {38th COSPAR Scientific Assembly},
     year = 2010,
   series = {COSPAR Meeting},
   volume = 38,
    pages = {2},
   adsurl = {http://adsabs.harvard.edu/abs/2010cosp...38.2476C},
  adsnote = {Provided by the SAO/NASA Astrophysics Data System}
}
@ARTICLE{Ceccarelli2017,
   author = {{Ceccarelli}, C. and {Caselli}, P. and {Fontani}, F. and {Neri}, R. and 
	{L{\'o}pez-Sepulcre}, A. and {Codella}, C. and {Feng}, S. and 
	{Jim{\'e}nez-Serra}, I. and {Lefloch}, B. and {Pineda}, J.~E. and 
	{Vastel}, C. and {Alves}, F. and {Bachiller}, R. and {Balucani}, N. and 
	{Bianchi}, E. and {Bizzocchi}, L. and {Bottinelli}, S. and {Caux}, E. and 
	{Chac{\'o}n-Tanarro}, A. and {Choudhury}, R. and {Coutens}, A. and 
	{Dulieu}, F. and {Favre}, C. and {Hily-Blant}, P. and {Holdship}, J. and 
	{Kahane}, C. and {Jaber Al-Edhari}, A. and {Laas}, J. and {Ospina}, J. and 
	{Oya}, Y. and {Podio}, L. and {Pon}, A. and {Punanova}, A. and 
	{Quenard}, D. and {Rimola}, A. and {Sakai}, N. and {Sims}, I.~R. and 
	{Spezzano}, S. and {Taquet}, V. and {Testi}, L. and {Theul{\'e}}, P. and 
	{Ugliengo}, P. and {Vasyunin}, A.~I. and {Viti}, S. and {Wiesenfeld}, L. and 
	{Yamamoto}, S.},
    title = "{Seeds Of Life In Space (SOLIS): The Organic Composition Diversity at 300-1000 au Scale in Solar-type Star-forming Regions}",
  journal = {\apj},
archivePrefix = "arXiv",
   eprint = {1710.10437},
 primaryClass = "astro-ph.SR",
 keywords = {ISM: abundances, ISM: clouds, ISM: molecules, radio lines: ISM},
     year = 2017,
    month = dec,
   volume = 850,
      eid = {176},
    pages = {176},
      doi = {10.3847/1538-4357/aa961d},
   adsurl = {http://adsabs.harvard.edu/abs/2017ApJ...850..176C},
  adsnote = {Provided by the SAO/NASA Astrophysics Data System}
}
@ARTICLE{Bergin2010,
   author = {{Bergin}, E.~A. and {Phillips}, T.~G. and {Comito}, C. and {Crockett}, N.~R. and 
	{Lis}, D.~C. and {Schilke}, P. and {Wang}, S. and {Bell}, T.~A. and 
	{Blake}, G.~A. and {Bumble}, B. and {Caux}, E. and {Cabrit}, S. and 
	{Ceccarelli}, C. and {Cernicharo}, J. and {Daniel}, F. and {de Graauw}, T. and 
	{Dubernet}, M.-L. and {Emprechtinger}, M. and {Encrenaz}, P. and 
	{Falgarone}, E. and {Gerin}, M. and {Giesen}, T.~F. and {Goicoechea}, J.~R. and 
	{Goldsmith}, P.~F. and {Gupta}, H. and {Hartogh}, P. and {Helmich}, F.~P. and 
	{Herbst}, E. and {Joblin}, C. and {Johnstone}, D. and {Kawamura}, J.~H. and 
	{Langer}, W.~D. and {Latter}, W.~B. and {Lord}, S.~D. and {Maret}, S. and 
	{Martin}, P.~G. and {Melnick}, G.~J. and {Menten}, K.~M. and 
	{Morris}, P. and {M{\"u}ller}, H.~S.~P. and {Murphy}, J.~A. and 
	{Neufeld}, D.~A. and {Ossenkopf}, V. and {Pagani}, L. and {Pearson}, J.~C. and 
	{P{\'e}rault}, M. and {Plume}, R. and {Roelfsema}, P. and {Qin}, S.-L. and 
	{Salez}, M. and {Schlemmer}, S. and {Stutzki}, J. and {Tielens}, A.~G.~G.~M. and 
	{Trappe}, N. and {van der Tak}, F.~F.~S. and {Vastel}, C. and 
	{Yorke}, H.~W. and {Yu}, S. and {Zmuidzinas}, J.},
    title = "{Herschel observations of EXtra-Ordinary Sources (HEXOS): The present and future of spectral surveys with Herschel/HIFI}",
  journal = {\aap},
archivePrefix = "arXiv",
   eprint = {1007.2172},
 keywords = {ISM: abundances, ISM: molecules, submillimeter: ISM},
     year = 2010,
    month = oct,
   volume = 521,
      eid = {L20},
    pages = {L20},
      doi = {10.1051/0004-6361/201015071},
   adsurl = {http://adsabs.harvard.edu/abs/2010A%26A...521L..20B},
  adsnote = {Provided by the SAO/NASA Astrophysics Data System}
}
@ARTICLE{Ceccarelli2014,
   author = {{Ceccarelli}, C. and {Dominik}, C. and {L{\'o}pez-Sepulcre}, A. and 
	{Kama}, M. and {Padovani}, M. and {Caux}, E. and {Caselli}, P.
	},
    title = "{Herschel Finds Evidence for Stellar Wind Particles in a Protostellar Envelope: Is This What Happened to the Young Sun?}",
  journal = {\apjl},
 keywords = {ISM: abundances, ISM: molecules, meteorites, meteors, meteoroids, stars: formation, stars: protostars },
     year = 2014,
    month = jul,
   volume = 790,
      eid = {L1},
    pages = {L1},
      doi = {10.1088/2041-8205/790/1/L1},
   adsurl = {http://adsabs.harvard.edu/abs/2014ApJ...790L...1C},
  adsnote = {Provided by the SAO/NASA Astrophysics Data System}
}
@ARTICLE{Jimenez2018,
   author = {{Jimenez-Serra}, I. and {Viti}, S. and {Quenard}, D. and {Holdship}, J.
	},
    title = "{The chemistry of phosphorus-bearing molecules under energetic phenomena}",
  journal = {ArXiv e-prints},
archivePrefix = "arXiv",
   eprint = {1806.07281},
 keywords = {Astrophysics - Astrophysics of Galaxies, Astrophysics - Solar and Stellar Astrophysics},
     year = 2018,
    month = jun,
   adsurl = {http://adsabs.harvard.edu/abs/2018arXiv180607281J},
  adsnote = {Provided by the SAO/NASA Astrophysics Data System}
}
@ARTICLE{Altwegg2016,
   author = {{Altwegg}, K. and {Balsiger}, H. and {Bar-Nun}, A. and {Berthelier}, J.-J. and 
	{Bieler}, A. and {Bochsler}, P. and {Briois}, C. and {Calmonte}, U. and 
	{Combi}, M.~R. and {Cottin}, H. and {De Keyser}, J. and {Dhooghe}, F. and 
	{Fiethe}, B. and {Fuselier}, S.~A. and {Gasc}, S. and {Gombosi}, T.~I. and 
	{Hansen}, K.~C. and {Haessig}, M. and {Ja ckel}, A. and {Kopp}, E. and 
	{Korth}, A. and {Le Roy}, L. and {Mall}, U. and {Marty}, B. and 
	{Mousis}, O. and {Owen}, T. and {Reme}, H. and {Rubin}, M. and 
	{Semon}, T. and {Tzou}, C.-Y. and {Waite}, J.~H. and {Wurz}, P.
	},
    title = "{Prebiotic chemicals--amino acid and phosphorus--in the coma of comet 67P/Churyumov-Gerasimenko}",
  journal = {Science Advances},
     year = 2016,
    month = may,
   volume = 2,
    pages = {e1600285-e1600285},
      doi = {10.1126/sciadv.1600285},
   adsurl = {http://adsabs.harvard.edu/abs/2016SciA....2E0285A},
  adsnote = {Provided by the SAO/NASA Astrophysics Data System}
}
@ARTICLE{Kvenvolden1970,
   author = {{Kvenvolden}, K. and {Lawless}, J. and {Pering}, K. and {Peterson}, E. and 
	{Flores}, J. and {Ponnamperuma}, C.},
    title = "{Evidence for Extraterrestrial Amino-acids and Hydrocarbons in the Murchison Meteorite}",
  journal = {\nat},
     year = 1970,
    month = dec,
   volume = 228,
    pages = {923-926},
      doi = {10.1038/228923a0},
   adsurl = {http://adsabs.harvard.edu/abs/1970Natur.228..923K},
  adsnote = {Provided by the SAO/NASA Astrophysics Data System}
}
@ARTICLE{Schmitt2010,
   author = {{Schmitt-Kopplin}, P. and {Gabelica}, Z. and {Gougeon}, R.~D. and 
	{Fekete}, A. and {Kanawati}, B. and {Harir}, M. and {Gebefuegi}, I. and 
	{Eckel}, G. and {Hertkorn}, N.},
    title = "{High molecular diversity of extraterrestrial organic matter in Murchison meteorite revealed 40 years after its fall}",
  journal = {Proceedings of the National Academy of Science},
     year = 2010,
    month = feb,
   volume = 107,
    pages = {2763-2768},
      doi = {10.1073/pnas.0912157107},
   adsurl = {http://adsabs.harvard.edu/abs/2010PNAS..107.2763S},
  adsnote = {Provided by the SAO/NASA Astrophysics Data System}
}
@ARTICLE{McGuire2016,
   author = {{McGuire}, B.~A. and {Carroll}, P.~B.},
    title = "{Mirror Asymmetry In Life and In Space}",
  journal = {Physics Today},
     year = 2016,
    month = nov,
   volume = 69,
   number = 11,
    pages = {86-87},
      doi = {10.1063/PT.3.3375},
   adsurl = {http://adsabs.harvard.edu/abs/2016PhT....69k..86M},
  adsnote = {Provided by the SAO/NASA Astrophysics Data System}
}
@ARTICLE{McGuire2016a,
   author = {{McGuire}, B.~A. and {Carroll}, P.~B. and {Loomis}, R.~A. and 
	{Finneran}, I.~A. and {Jewell}, P.~R. and {Remijan}, A.~J. and 
	{Blake}, G.~A.},
    title = "{Discovery of the interstellar chiral molecule propylene oxide (CH$_{3}$CHCH$_{2}$O)}",
  journal = {Science},
archivePrefix = "arXiv",
   eprint = {1606.07483},
     year = 2016,
    month = jun,
   volume = 352,
    pages = {1449-1452},
      doi = {10.1126/science.aae0328},
   adsurl = {http://adsabs.harvard.edu/abs/2016Sci...352.1449M},
  adsnote = {Provided by the SAO/NASA Astrophysics Data System}
}
@ARTICLE{Hollis2000,
   author = {{Hollis}, J.~M. and {Lovas}, F.~J. and {Jewell}, P.~R.},
    title = "{Interstellar Glycolaldehyde: The First Sugar}",
  journal = {\apjl},
 keywords = {ISM: Abundances, ISM: Clouds, ISM: individual (Sagittarius B2(N)), ISM: Molecules, Radio Lines: ISM},
     year = 2000,
    month = sep,
   volume = 540,
    pages = {L107-L110},
      doi = {10.1086/312881},
   adsurl = {http://adsabs.harvard.edu/abs/2000ApJ...540L.107H},
  adsnote = {Provided by the SAO/NASA Astrophysics Data System}
}
@ARTICLE{Sakai2006,
   author = {{Sakai}, N. and {Sakai}, T. and {Yamamoto}, S.},
    title = "{Detection of HCOOCH$_{3}$ toward a Low-Mass Protostar, NGC 1333 IRAS 4B}",
  journal = {\pasj},
 keywords = {ISM: abundances, ISM: individual (NGC 1333 IRAS 4B), ISM: molecules, stars:formation},
     year = 2006,
    month = feb,
   volume = 58,
    pages = {L15-L18},
      doi = {10.1093/pasj/58.1.L15},
   adsurl = {http://adsabs.harvard.edu/abs/2006PASJ...58L..15S},
  adsnote = {Provided by the SAO/NASA Astrophysics Data System}
}
@ARTICLE{Jorgensen2012,
   author = {{J{\o}rgensen}, J.~K. and {Favre}, C. and {Bisschop}, S.~E. and 
	{Bourke}, T.~L. and {van Dishoeck}, E.~F. and {Schmalzl}, M.
	},
    title = "{Detection of the Simplest Sugar, Glycolaldehyde, in a Solar-type Protostar with ALMA}",
  journal = {\apjl},
archivePrefix = "arXiv",
   eprint = {1208.5498},
 primaryClass = "astro-ph.SR",
 keywords = {astrobiology, astrochemistry, ISM: abundances, ISM: individual objects: IRAS 16293-2422, ISM: molecules, stars: formation},
     year = 2012,
    month = sep,
   volume = 757,
      eid = {L4},
    pages = {L4},
      doi = {10.1088/2041-8205/757/1/L4},
   adsurl = {http://adsabs.harvard.edu/abs/2012ApJ...757L...4J},
  adsnote = {Provided by the SAO/NASA Astrophysics Data System}
}
@ARTICLE{deMarcellus2015,
   author = {{de Marcellus}, P. and {Meinert}, C. and {Myrgorodska}, I. and 
	{Nahon}, L. and {Buhse}, T. and {d'Hendecourt}, L.~L.~S. and 
	{Meierhenrich}, U.~J.},
    title = "{Aldehydes and sugars from evolved precometary ice analogs: Importance of ices in astrochemical and prebiotic evolution}",
  journal = {Proceedings of the National Academy of Science},
     year = 2015,
    month = jan,
   volume = 112,
    pages = {965-970},
      doi = {10.1073/pnas.1418602112},
   adsurl = {http://adsabs.harvard.edu/abs/2015PNAS..112..965D},
  adsnote = {Provided by the SAO/NASA Astrophysics Data System}
}
@ARTICLE{Hollis2004,
   author = {{Hollis}, J.~M. and {Jewell}, P.~R. and {Lovas}, F.~J. and {Remijan}, A. and 
	{M{\o}llendal}, H.},
    title = "{Green Bank Telescope Detection of New Interstellar Aldehydes: Propenal and Propanal}",
  journal = {\apjl},
 keywords = {ISM: Abundances, ISM: Clouds, ISM: Individual: Name: Sagittarius B2(N-LMH), ISM: Molecules, Radio Lines: ISM},
     year = 2004,
    month = jul,
   volume = 610,
    pages = {L21-L24},
      doi = {10.1086/423200},
   adsurl = {http://adsabs.harvard.edu/abs/2004ApJ...610L..21H},
  adsnote = {Provided by the SAO/NASA Astrophysics Data System}
}
@ARTICLE{Belloche2009,
   author = {{Belloche}, A. and {Garrod}, R.~T. and {M{\"u}ller}, H.~S.~P. and 
	{Menten}, K.~M. and {Comito}, C. and {Schilke}, P.},
    title = "{Increased complexity in interstellar chemistry: detection and chemical modeling of ethyl formate and n-propyl cyanide in Sagittarius B2(N)}",
  journal = {\aap},
archivePrefix = "arXiv",
   eprint = {0902.4694},
 keywords = {astrobiology, astrochemistry, line: identification, stars: formation, ISM: individual objects: Sagittarius B2, ISM: molecules},
     year = 2009,
    month = may,
   volume = 499,
    pages = {215-232},
      doi = {10.1051/0004-6361/200811550},
   adsurl = {http://adsabs.harvard.edu/abs/2009A%26A...499..215B},
  adsnote = {Provided by the SAO/NASA Astrophysics Data System}
}
@ARTICLE{Tercero2013,
   author = {{Tercero}, B. and {Kleiner}, I. and {Cernicharo}, J. and {Nguyen}, H.~V.~L. and 
	{L{\'o}pez}, A. and {Mu{\~n}oz Caro}, G.~M.},
    title = "{Discovery of Methyl Acetate and Gauche Ethyl Formate in Orion}",
  journal = {\apjl},
archivePrefix = "arXiv",
   eprint = {1305.1135},
 keywords = {ISM: abundances, ISM: individual objects: Orion KL, ISM: molecules, line: identification, molecular data},
     year = 2013,
    month = jun,
   volume = 770,
      eid = {L13},
    pages = {L13},
      doi = {10.1088/2041-8205/770/1/L13},
   adsurl = {http://adsabs.harvard.edu/abs/2013ApJ...770L..13T},
  adsnote = {Provided by the SAO/NASA Astrophysics Data System}
}
@ARTICLE{Walsh2014,
   author = {{Walsh}, C. and {Millar}, T.~J. and {Nomura}, H. and {Herbst}, E. and 
	{Widicus Weaver}, S. and {Aikawa}, Y. and {Laas}, J.~C. and 
	{Vasyunin}, A.~I.},
    title = "{Complex organic molecules in protoplanetary disks}",
  journal = {\aap},
archivePrefix = "arXiv",
   eprint = {1403.0390},
 primaryClass = "astro-ph.EP",
 keywords = {protoplanetary disks, astrochemistry, ISM: molecules, stars: formation},
     year = 2014,
    month = mar,
   volume = 563,
      eid = {A33},
    pages = {A33},
      doi = {10.1051/0004-6361/201322446},
   adsurl = {http://adsabs.harvard.edu/abs/2014A%26A...563A..33W},
  adsnote = {Provided by the SAO/NASA Astrophysics Data System}
}
@ARTICLE{Walsh2016,
   author = {{Walsh}, C. and {Loomis}, R.~A. and {{\"O}berg}, K.~I. and {Kama}, M. and 
	{van 't Hoff}, M.~L.~R. and {Millar}, T.~J. and {Aikawa}, Y. and 
	{Herbst}, E. and {Widicus Weaver}, S.~L. and {Nomura}, H.},
    title = "{First Detection of Gas-phase Methanol in a Protoplanetary Disk}",
  journal = {\apjl},
archivePrefix = "arXiv",
   eprint = {1606.06492},
 primaryClass = "astro-ph.EP",
 keywords = {astrochemistry, protoplanetary disks, stars: individual: TW Hya, stars: pre-main sequence, submillimeter: planetary systems},
     year = 2016,
    month = may,
   volume = 823,
      eid = {L10},
    pages = {L10},
      doi = {10.3847/2041-8205/823/1/L10},
   adsurl = {http://adsabs.harvard.edu/abs/2016ApJ...823L..10W},
  adsnote = {Provided by the SAO/NASA Astrophysics Data System}
}
@ARTICLE{Callahan2011,
   author = {{Callahan}, M.~P. and {Smith}, K.~E. and {Cleaves}, H.~J. and 
	{Ruzicka}, J. and {Stern}, J.~C. and {Glavin}, D.~P. and {House}, C.~H. and 
	{Dworkin}, J.~P.},
    title = "{Carbonaceous meteorites contain a wide range of extraterrestrial nucleobases}",
  journal = {Proceedings of the National Academy of Science},
     year = 2011,
    month = aug,
   volume = 108,
    pages = {13995-13998},
      doi = {10.1073/pnas.1106493108},
   adsurl = {http://adsabs.harvard.edu/abs/2011PNAS..10813995C},
  adsnote = {Provided by the SAO/NASA Astrophysics Data System}
}
